
@misc{jsonapi,
    author = {Yehuda Katz},
    title = {Dokumentacja \emph{JSON API}},
    howpublished = {\url{https://jsonapi.org}},
},
@misc{mono,
    author = {{Xamarin}},
    title = {Strona projektu \emph{Mono}},
    howpublished = {\url{https://www.mono-project.com}},
},
@misc{mono-wasm,
    author = {{Mono}},
    title = {Repozytorium projektu \emph{mono-wasm}},
    howpublished = {\url{https://github.com/mono/mono/tree/master/sdks/wasm}},
},
@misc{dotnet-core,
    author = {{Microsoft}},
    title = {Środowisko \emph{.NET Core}},
    howpublished = {\url{https://www.microsoft.com/net/download}},
},
@misc{aspnet-core,
    author = {{Microsoft}},
    title = { Tworzenie aplikacji internetowej \emph{ASP.NET Core} },
    howpublished = {\url{https://docs.microsoft.com/pl-pl/aspnet/core/tutorials/first-mvc-app/?view=aspnetcore-2.1}},
},
@misc{jest,
    author = {{Facebook Inc.}},
    title = {Dokumentacja biblioteki do testowania \emph{jest}},
    howpublished = {\url{https://jestjs.io/docs/en/getting-started}},
},
@misc{formik,
    author = {Jared Palmer},
    title = {Repozytorium biblioteki do tworzenia formularzy \emph{formik}},
    howpublished = {\url{https://github.com/jaredpalmer/formik}},
},
@misc{react-table,
    author = {Tanner Linsley},
    title = {Dokumentacja biblioteki do tworzenia tabel \emph{react-table}},
    howpublished = {\url{https://react-table.js.org/#/story/readme}},
},
@misc{react,
    author = {{Facebook Inc.}},
    title = {Poradnik do biblioteki \emph{React}},
    howpublished = {\url{https://reactjs.org/tutorial/tutorial.html}},
},
@misc{typescript,
    author = {{Microsoft}},
    title = {Język \emph{Typescript} w 5 minut},
    howpublished = {\url{https://www.typescriptlang.org/docs/handbook/typescript-in-5-minutes.html}},
},
@misc{postgresql,
    author = {},
    title = {Poradnik obsługi bazy danych \emph{PostgreSQL}},
    howpublished = {\url{http://www.postgresqltutorial.com}},
},
@misc{ef-core,
    author = {Microsoft},
    title = {Poradnik do biblioteki \emph{Entity Framework Core}},
    howpublished = {\url{http://www.entityframeworktutorial.net/efcore/entity-framework-core.aspx}},
},
@misc{jsonapi-dotnet-core,
    author = {Jared Nance},
    title = { Repozytorium biblioteki \emph{JSON API .NET Core}},
    howpublished = {\url{https://github.com/json-api-dotnet/JsonApiDotNetCore}},
},
@misc{webassembly,
    author = {},
    title = {Specyfikacja \emph{WebAssembly}},
    howpublished = {\url{https://webassembly.github.io/spec}},
},
@misc{next.js,
    author = {{Zeit}},
    title = {Dokumentacja technologii \emph{next.js}},
    howpublished = {\url{https://nextjs.org/docs}},
},
@misc{evergreen,
    author = {Jeroen Ransijn},
    title = {Dokumentacja biblioteki \emph{evergreen} },
    howpublished = {\url{https://evergreen.segment.com/components}},
},
@misc{kitsu,
    author = {James Harris},
    title = {Repozytorium biblioteki \emph{kitsu}},
    howpublished = {\url{https://github.com/wopian/kitsu/tree/master/packages/kitsu#readme}},
},
@misc{dotnet-standard,
    author = {{Microsoft}},
    title = {Repozytorium ze specyfikacją \emph{.NET Standard 2.0}},
    howpublished = {\url{https://github.com/dotnet/standard}},
},
@misc{mvvm,
    author = {Danijel Vincijanovic},
    title = {Opis wzorca \emph{MVVM} w połączeniu z frameworkiem \emph{React}},
    howpublished = {\url{https://medium.cobeisfresh.com/level-up-your-react-architecture-with-mvvm-a471979e3f21}},
},
@misc{licencja-mono,
    author = {{Mono}},
    title = {Licencja \emph{Mono}},
    howpublished = {\url{https://github.com/mono/mono/blob/master/LICENSE}},
},
@misc{licencja-postgresql,
    author = {Shay Rojansky},
    title = {Licencja \emph{PostgreSQL}},
    howpublished = {\url{https://github.com/npgsql/Npgsql.EntityFrameworkCore.PostgreSQL/blob/dev/LICENSE}},
},
@misc{licencja-nunit,
    author = {Charlie Poole},
    title = {Licencja \emph{NUnit}},
    howpublished = {\url{https://github.com/nunit/docs/wiki/License}},
},
@misc{nuget,
    author = {{Microsoft}},
    title = {Wprowadzenie do menadżera pakietów \emph{NuGet}},
    howpublished = {\url{https://docs.microsoft.com/pl-pl/nuget/what-is-nuget}},
},
@misc{visual-studio,
    author = {{Microsoft}},
    title = {Strona produktu \emph{Visual Studio}},
    howpublished = {\url{https://visualstudio.microsoft.com}},
},
@misc{material-design,
    author = {{Google}},
    title = {Opis dobrych praktyk przy tworzeniu interfejsu użytkownika \emph{Material Design}},
    howpublished = {\url{https://material.io/design}},
},
@misc{can-i-use,
    author = {Alexis Deveria},
    title = {Strona zawierająca informacje o wsparciu \textit{WebAssembly} przez przeglądarki --- \emph{Can I use?}},
    howpublished = {\url{https://caniuse.com/#search=webassembly}},
},
@misc{cypress,
    author = {Brian Mann},
    title = {Dokumentacja biblioteki do testów end-to-end \emph{Cypress}},
    howpublished = {\url{https://docs.cypress.io/guides/overview/why-cypress.html#In-a-nutshell}},
},
@misc{same-origin-policy,
    author = {{Mozilla}},
    title = {Dokumentacja \emph{Same--Origin Policy}},
    howpublished = {\url{https://developer.mozilla.org/en-US/docs/Web/Security/Same-origin_policy}},
},
@misc{rfc-7231,
    author = {{Internet Engineering Task Force}},
    title = {Dokumentacja HTTP, opis metod HTTP uważanych za bezpieczne},
    howpublished = {\url{https://tools.ietf.org/html/rfc7231#section-4.2.1}},
},
@misc{distributed-compute-labs,
    author = {{Distributed Compute Labs}},
    title = {Strona \emph{Distributed Compute Labs}},
    howpublished = {\url{https://distributed.computer}},
},
@misc{dis-io,
    author = {Tom Gallacher},
    title = {Repozytorium projektu \emph{dis.io}},
    howpublished = {\url{https://github.com/tomgco/dis.io}},
},
@misc{distri-js,
    author = {Flarp},
    title = {Strona projektu \emph{Distri.js}},
    howpublished = {\url{https://distri.js.org}},
},
@misc{prawo-moorea,
    author = {},
    title = {Wpis na Wikipedii dotyczący \emph{prawa Moore'a}},
    howpublished = {\url{https://pl.wikipedia.org/wiki/Prawo_Moore%E2%80%99a}},
},
@misc{DEGIMA,
    author = {},
    title = {Wpis na Wikipedii dotyczący klastra \emph{DEGIMA}},
    howpublished = {\url{https://en.wikipedia.org/wiki/DEGIMA}},
},
@misc{GIMPS,
    author = {George Woltman},
    title = {Strona opisująca działanie projektu \emph{GIMPS}},
    howpublished = {\url{https://www.mersenne.org/various/works.php}},
},
@misc{MersennePrimes,
    author = {},
    title = {Wpis na Wikipedii dotyczący \emph{liczb pierwszych Mersenne'a}},
    howpublished = {\url{https://pl.wikipedia.org/wiki/Liczby_Mersenne%E2%80%99a}},
},
@misc{SETI,
    author = {dr. Eric Korpela},
    title = {Strona internetowa z informacjami o \emph{SETI@home}},
    howpublished = {\url{https://setiathome.berkeley.edu/sah_about.php}},
},
@misc{webassembly-goals,
    author = {},
    title = {Dokumentacja celów formatu \emph{WebAssembly}},
    howpublished = {\url{https://webassembly.org/docs/high-level-goals}},
},
@misc{webassembly-semantics,
    author = {},
    title = {Dokumentacja wirtualnej maszyny stosowej formatu},
    howpublished = {\url{https://webassembly.org/docs/semantics}},
},
@misc{uchwala-prawa-autorskie,
    author = {prof. dr hab. inż. Jan Szmidt},
    title = {Regulamin zarządzania prawami autorskimi obowiązujący na Politechnice Warszawskiej, załącznik do uchwały nr 261/XLVIII/2015},
    howpublished = {\url{https://www.bip.pw.edu.pl/Wewnetrzne-akty-prawne/Regulaminy/Regulamin-zarzadzania-prawami-autorskimi-i-prawami-pokrewnymi-oraz-prawami-wlasnosci-przemyslowej-oraz-zasad-komercjalizacji}},
},